<?xml version="1.0" encoding="utf-8"?>
<record xmlns="http://www.loc.gov/MARC21/slim" xmlns:xsi="http://www.w3.org/2001/XMLSchema-instance" xsi:schemaLocation="http://www.loc.gov/MARC21/slim http://www.loc.gov/standards/marcxml/schema/MARC21slim.xsd">
	<leader>     nam a22        4500</leader>
	<controlfield tag="001">001685253</controlfield>
	<controlfield tag="003">NNU</controlfield>
	<controlfield tag="006">m        d        </controlfield>
	<controlfield tag="007">cr cn |||m|||a</controlfield>
	<controlfield tag="008">160803m19369999le      ob    000 0 ara d</controlfield>
	<datafield ind1=" " ind2=" " tag="040">
		<subfield code="a">NNU</subfield>
		<subfield code="b">eng</subfield>
		<subfield code="e">rda</subfield>
		<subfield code="c">NNU</subfield>
	</datafield>
	<datafield ind1=" " ind2=" " tag="043">
		<subfield code="a">aw-----</subfield>
		<subfield code="a">ff-----</subfield>
		<subfield code="a">e-sp---</subfield>
	</datafield>
	<datafield ind1=" " ind2="4" tag="050">
		<subfield code="a">DT96</subfield>
		<subfield code="b">.I25 1936</subfield>
	</datafield>
	<datafield ind1="1" ind2=" " tag="100">
		<subfield code="6">880-01</subfield>
		<subfield code="a">Ibn al-Furāt, Muḥammad ibn ʻAbd al-Raḥim,</subfield>
		<subfield code="d">1334 or 1335-1405.</subfield>
	</datafield>
	<datafield ind1="1" ind2="0" tag="245">
		<subfield code="6">880-02</subfield>
		<subfield code="a">Tārīkh Ibn al-Furāt /</subfield>
		<subfield code="c">li-Nāṣir al-Dīn Muḥammad ibn ʻAbd al-Raḥīm ibn al-Furāt ; ʻuniya bi-taḥrīr naṣṣihi wa-nashrihi Qusṭanṭīn Zurayq.</subfield>
	</datafield>
	<datafield ind1="1" ind2=" " tag="246">
		<subfield code="i">Title on added t.p.:</subfield>
		<subfield code="a">History of Ibn al-Furāt</subfield>
	</datafield>
	<datafield ind1=" " ind2=" " tag="260">
		<subfield code="6">880-03</subfield>
		<subfield code="a">Bayrūt :</subfield>
		<subfield code="b">al-Maṭbaʻah al-Amīrkānīyah,</subfield>
		<subfield code="c">1936-</subfield>
	</datafield>
	<datafield ind1=" " ind2=" " tag="300">
		<subfield code="a">online resource (volumes)</subfield>
	</datafield>
	<datafield ind1=" " ind2=" " tag="336">
		<subfield code="a">text</subfield>
		<subfield code="2">rdacontent</subfield>
	</datafield>
	<datafield ind1=" " ind2=" " tag="337">
		<subfield code="a">computer</subfield>
		<subfield code="2">rdamedia</subfield>
	</datafield>
	<datafield ind1=" " ind2=" " tag="338">
		<subfield code="a">online resource</subfield>
		<subfield code="2">rdacarrier</subfield>
	</datafield>
	<datafield ind1="1" ind2=" " tag="490">
		<subfield code="a">Publications of the Faculty of arts and sciences.</subfield>
		<subfield code="a">Oriental series ;</subfield>
		<subfield code="v">no. 9-10, 14, 17</subfield>
	</datafield>
	<datafield ind1=" " ind2=" " tag="500">
		<subfield code="a">Part of the Arabic Collections Online (ACO) project, contributed by New York Univeristy Libraries.</subfield>
	</datafield>
	<datafield ind1=" " ind2=" " tag="504">
		<subfield code="a">Includes bibliographical references.</subfield>
	</datafield>
	<datafield ind1=" " ind2=" " tag="533">
		<subfield code="a">Electronic reproduction.</subfield>
		<subfield code="b">New York, N.Y. :</subfield>
		<subfield code="c">New York University,</subfield>
		<subfield code="d">2016.</subfield>
		<subfield code="5">NNU</subfield>
	</datafield>
	<datafield ind1=" " ind2="0" tag="651">
		<subfield code="a">Islamic Empire</subfield>
		<subfield code="x">History.</subfield>
	</datafield>
	<datafield ind1=" " ind2="0" tag="650">
		<subfield code="a">Crusades</subfield>
		<subfield code="y">Third, 1189-1192.</subfield>
	</datafield>
	<datafield ind1=" " ind2="0" tag="650">
		<subfield code="a">Crusades</subfield>
		<subfield code="y">Fourth, 1202-1204.</subfield>
	</datafield>
	<datafield ind1=" " ind2="0" tag="650">
		<subfield code="a">Chronology, Historical.</subfield>
	</datafield>
	<datafield ind1="2" ind2="7" tag="611">
		<subfield code="a">Crusades (Fourth, 1202-1204)</subfield>
		<subfield code="2">fast</subfield>
		<subfield code="0">(OCoLC)fst00884409</subfield>
	</datafield>
	<datafield ind1="2" ind2="7" tag="611">
		<subfield code="a">Crusades (Third, 1189-1192)</subfield>
		<subfield code="2">fast</subfield>
		<subfield code="0">(OCoLC)fst00884419</subfield>
	</datafield>
	<datafield ind1=" " ind2="7" tag="650">
		<subfield code="a">Chronology, Historical.</subfield>
		<subfield code="2">fast</subfield>
		<subfield code="0">(OCoLC)fst00860207</subfield>
	</datafield>
	<datafield ind1=" " ind2="7" tag="650">
		<subfield code="a">Crusades.</subfield>
		<subfield code="2">fast</subfield>
		<subfield code="0">(OCoLC)fst00884401</subfield>
	</datafield>
	<datafield ind1=" " ind2="7" tag="651">
		<subfield code="a">Islamic Empire.</subfield>
		<subfield code="2">fast</subfield>
		<subfield code="0">(OCoLC)fst01244134</subfield>
	</datafield>
	<datafield ind1=" " ind2="7" tag="655">
		<subfield code="a">History.</subfield>
		<subfield code="2">fast</subfield>
		<subfield code="0">(OCoLC)fst01411628</subfield>
	</datafield>
	<datafield ind1="1" ind2=" " tag="700">
		<subfield code="6">880-04</subfield>
		<subfield code="a">Zurayq, Qusṭanṭīn,</subfield>
		<subfield code="d">1909-</subfield>
	</datafield>
	<datafield ind1="2" ind2=" " tag="710">
		<subfield code="a">New York University.</subfield>
		<subfield code="b">Libraries.</subfield>
	</datafield>
	<datafield ind1="0" ind2=" " tag="730">
		<subfield code="a">Arabic Collections Online.</subfield>
	</datafield>
	<datafield ind1="0" ind2="8" tag="776">
		<subfield code="i">Online version:</subfield>
		<subfield code="a">Ibn al-Furāt, Muḥammad ibn ʻAbd al-Raḥim, 1334 or 5-1405.</subfield>
		<subfield code="t">Tārīkh Ibn al-Furāt.</subfield>
		<subfield code="d">Bayrūt : al-Maṭbaʻah al-Amīrkānīyah, 1936-</subfield>
		<subfield code="w">(OCoLC)609843434</subfield>
	</datafield>
	<datafield ind1="0" ind2="8" tag="776">
		<subfield code="i">Print version:</subfield>
		<subfield code="a">Ibn al-Furāt, Muḥammad ibn ʻAbd al-Raḥim, 1334 or 1335-1405.</subfield>
		<subfield code="t">Tārīkh Ibn al-Furāt</subfield>
		<subfield code="w">(NNU)001685253</subfield>
	</datafield>
	<datafield ind1="4" ind2="0" tag="856">
		<subfield code="u">http://hdl.handle.net/2333.1/q83bk6xn</subfield>
	</datafield>
	<datafield ind1="1" ind2=" " tag="880">
		<subfield code="6">100-01/</subfield>
		<subfield code="a">ابن الفرات، محمد بن عبد الرحم،,</subfield>
		<subfield code="d">1334 or 1335-1405.</subfield>
	</datafield>
	<datafield ind1="1" ind2="0" tag="880">
		<subfield code="6">245-02/</subfield>
		<subfield code="a">تاريخ ابن الفرات /</subfield>
		<subfield code="c">لناصر الدين محمد بن عبد الرحيم بن الفرات ؛ عني بتحرير نصه ونشره قسطنطين زريق.</subfield>
	</datafield>
	<datafield ind1=" " ind2=" " tag="880">
		<subfield code="6">260-03/</subfield>
		<subfield code="a">بيروت :</subfield>
		<subfield code="b">المطبعة الاميركانية،</subfield>
		<subfield code="c">1936-</subfield>
	</datafield>
	<datafield ind1="1" ind2=" " tag="880">
		<subfield code="6">700-04/</subfield>
		<subfield code="a">زريق، قسطنطين،,</subfield>
		<subfield code="d">1909-</subfield>
	</datafield>
	<datafield ind1=" " ind2="0" tag="830">
		<subfield code="a">Publications of the Faculty of arts and sciences.</subfield>
		<subfield code="t">Oriental series ;</subfield>
		<subfield code="v">no. 9, etc.</subfield>
	</datafield>
	<datafield ind1=" " ind2=" " tag="959">
		<subfield code="a">NNU</subfield>
		<subfield code="b">WEB</subfield>
		<subfield code="c">GENI</subfield>
		<subfield code="t">0</subfield>
		<subfield code="m">Electronic access</subfield>
		<subfield code="s">01</subfield>
	</datafield>
	<datafield ind1=" " ind2=" " tag="999">
		<subfield code="i">NNU_001685253</subfield>
		<subfield code="s">nyu_aco001834:no.9: pt.1</subfield>
		<subfield code="s">nyu_aco001835:no.9: pt.2</subfield>
		<subfield code="s">nyu_aco001836:no.10</subfield>
		<subfield code="s">nyu_aco001837:no.14</subfield>
		<subfield code="s">nyu_aco001838:no.17</subfield>
		<subfield code="e">(ERROR-880)</subfield>
	</datafield>
</record>
